<?xml version="1.0" encoding="UTF-8"?><record xmlns="http://www.loc.gov/MARC21/slim" xmlns:cinclude="http://apache.org/cocoon/include/1.0" xmlns:zs="http://www.loc.gov/zing/srw/">
  <leader>00427cz  a2200145n  4500</leader>
  <controlfield tag="001">no2008147309</controlfield>
  <controlfield tag="003">DLC</controlfield>
  <controlfield tag="005">20081107080309.0</controlfield>
  <controlfield tag="008">080930n| acannaabn          |n aaa     c</controlfield>
  <datafield tag="010" ind1=" " ind2=" ">
    <subfield code="a">no2008147309</subfield>
  </datafield>
  <datafield tag="035" ind1=" " ind2=" ">
    <subfield code="a">(OCoLC)oca07901404</subfield>
  </datafield>
  <datafield tag="040" ind1=" " ind2=" ">
    <subfield code="a">NjP</subfield>
    <subfield code="b">eng</subfield>
    <subfield code="c">NjP</subfield>
    <subfield code="d">DLC</subfield>
  </datafield>
  <datafield tag="053" ind1=" " ind2="0">
    <subfield code="a">PR9199.4.G3745</subfield>
  </datafield>
  <datafield tag="100" ind1="1" ind2=" ">
    <subfield code="a">Garnhum, Dennis,</subfield>
    <subfield code="d">1967-</subfield>
  </datafield>
  <datafield tag="670" ind1=" " ind2=" ">
    <subfield code="a">Timothy Findley's The wars, 2008:</subfield>
    <subfield code="b">t.p. (Dennis Garnhum) Can. CIP (Garnhum, Dennis, 1967- )</subfield>
  </datafield>
</record>